%YAML 1.1
%TAG !u! tag:unity3d.com,2011:
--- !u!1 &1255270465689621389
GameObject:
  m_ObjectHideFlags: 0
  m_CorrespondingSourceObject: {fileID: 0}
  m_PrefabInstance: {fileID: 0}
  m_PrefabAsset: {fileID: 0}
  serializedVersion: 6
  m_Component:
  - component: {fileID: 1077344432216582326}
  - component: {fileID: 1772584166399113778}
  m_Layer: 0
  m_Name: Level06
  m_TagString: Untagged
  m_Icon: {fileID: 0}
  m_NavMeshLayer: 0
  m_StaticEditorFlags: 0
  m_IsActive: 1
--- !u!4 &1077344432216582326
Transform:
  m_ObjectHideFlags: 0
  m_CorrespondingSourceObject: {fileID: 0}
  m_PrefabInstance: {fileID: 0}
  m_PrefabAsset: {fileID: 0}
  m_GameObject: {fileID: 1255270465689621389}
  m_LocalRotation: {x: 0, y: 0, z: 0, w: 1}
  m_LocalPosition: {x: 0, y: 0, z: 0}
  m_LocalScale: {x: 1, y: 1, z: 1}
  m_Children:
  - {fileID: 6352598365595769177}
  - {fileID: 4987739256116878477}
  - {fileID: 4987739255428648711}
  - {fileID: 226035779719758629}
  - {fileID: 4459678992186470958}
  - {fileID: 9208284430751854089}
  - {fileID: 1647729710866719803}
  - {fileID: 8731418890616613732}
  - {fileID: 3476057047853218939}
  - {fileID: 6818139956676386204}
  - {fileID: 5736012007697538724}
  - {fileID: 6284279826408001470}
  - {fileID: 1699271570815520427}
  - {fileID: 6414625053640537255}
  m_Father: {fileID: 0}
  m_RootOrder: 0
  m_LocalEulerAnglesHint: {x: 0, y: 0, z: 0}
--- !u!114 &1772584166399113778
MonoBehaviour:
  m_ObjectHideFlags: 0
  m_CorrespondingSourceObject: {fileID: 0}
  m_PrefabInstance: {fileID: 0}
  m_PrefabAsset: {fileID: 0}
  m_GameObject: {fileID: 1255270465689621389}
  m_Enabled: 1
  m_EditorHideFlags: 0
  m_Script: {fileID: 11500000, guid: 6f796d43691aaee4fa4f63fbdbf1f7f8, type: 3}
  m_Name: 
  m_EditorClassIdentifier: 
  canvMan: {fileID: 8370260691409820880}
--- !u!1001 &587106502106388758
PrefabInstance:
  m_ObjectHideFlags: 0
  serializedVersion: 2
  m_Modification:
    m_TransformParent: {fileID: 1077344432216582326}
    m_Modifications:
    - target: {fileID: 3984714016351121915, guid: 80aaf0c707df2474f852526b90b32e3c,
        type: 3}
      propertyPath: m_Name
      value: Straight (6)
      objectReference: {fileID: 0}
    - target: {fileID: 3984714016351121915, guid: 80aaf0c707df2474f852526b90b32e3c,
        type: 3}
      propertyPath: m_IsActive
      value: 1
      objectReference: {fileID: 0}
    - target: {fileID: 2283558370948323261, guid: 80aaf0c707df2474f852526b90b32e3c,
        type: 3}
      propertyPath: m_LocalPosition.x
      value: 1.5
      objectReference: {fileID: 0}
    - target: {fileID: 2283558370948323261, guid: 80aaf0c707df2474f852526b90b32e3c,
        type: 3}
      propertyPath: m_LocalPosition.y
      value: 0
      objectReference: {fileID: 0}
    - target: {fileID: 2283558370948323261, guid: 80aaf0c707df2474f852526b90b32e3c,
        type: 3}
      propertyPath: m_LocalPosition.z
      value: 3.5
      objectReference: {fileID: 0}
    - target: {fileID: 2283558370948323261, guid: 80aaf0c707df2474f852526b90b32e3c,
        type: 3}
      propertyPath: m_LocalRotation.x
      value: -0
      objectReference: {fileID: 0}
    - target: {fileID: 2283558370948323261, guid: 80aaf0c707df2474f852526b90b32e3c,
        type: 3}
      propertyPath: m_LocalRotation.y
      value: -0.7071068
      objectReference: {fileID: 0}
    - target: {fileID: 2283558370948323261, guid: 80aaf0c707df2474f852526b90b32e3c,
        type: 3}
      propertyPath: m_LocalRotation.z
      value: -0
      objectReference: {fileID: 0}
    - target: {fileID: 2283558370948323261, guid: 80aaf0c707df2474f852526b90b32e3c,
        type: 3}
      propertyPath: m_LocalRotation.w
      value: -0.7071068
      objectReference: {fileID: 0}
    - target: {fileID: 2283558370948323261, guid: 80aaf0c707df2474f852526b90b32e3c,
        type: 3}
      propertyPath: m_RootOrder
      value: 12
      objectReference: {fileID: 0}
    - target: {fileID: 2283558370948323261, guid: 80aaf0c707df2474f852526b90b32e3c,
        type: 3}
      propertyPath: m_LocalEulerAnglesHint.x
      value: 0
      objectReference: {fileID: 0}
    - target: {fileID: 2283558370948323261, guid: 80aaf0c707df2474f852526b90b32e3c,
        type: 3}
      propertyPath: m_LocalEulerAnglesHint.y
      value: 90
      objectReference: {fileID: 0}
    - target: {fileID: 2283558370948323261, guid: 80aaf0c707df2474f852526b90b32e3c,
        type: 3}
      propertyPath: m_LocalEulerAnglesHint.z
      value: 0
      objectReference: {fileID: 0}
    - target: {fileID: 7525427529859714706, guid: 80aaf0c707df2474f852526b90b32e3c,
        type: 3}
      propertyPath: m_IsActive
      value: 1
      objectReference: {fileID: 0}
    m_RemovedComponents: []
  m_SourcePrefab: {fileID: 100100000, guid: 80aaf0c707df2474f852526b90b32e3c, type: 3}
--- !u!4 &1699271570815520427 stripped
Transform:
  m_CorrespondingSourceObject: {fileID: 2283558370948323261, guid: 80aaf0c707df2474f852526b90b32e3c,
    type: 3}
  m_PrefabInstance: {fileID: 587106502106388758}
  m_PrefabAsset: {fileID: 0}
--- !u!1001 &679266517345366918
PrefabInstance:
  m_ObjectHideFlags: 0
  serializedVersion: 2
  m_Modification:
    m_TransformParent: {fileID: 1077344432216582326}
    m_Modifications:
    - target: {fileID: 3984714016351121915, guid: 80aaf0c707df2474f852526b90b32e3c,
        type: 3}
      propertyPath: m_Name
      value: Straight (3)
      objectReference: {fileID: 0}
    - target: {fileID: 3984714016351121915, guid: 80aaf0c707df2474f852526b90b32e3c,
        type: 3}
      propertyPath: m_IsActive
      value: 1
      objectReference: {fileID: 0}
    - target: {fileID: 2283558370948323261, guid: 80aaf0c707df2474f852526b90b32e3c,
        type: 3}
      propertyPath: m_LocalPosition.x
      value: 0.5
      objectReference: {fileID: 0}
    - target: {fileID: 2283558370948323261, guid: 80aaf0c707df2474f852526b90b32e3c,
        type: 3}
      propertyPath: m_LocalPosition.y
      value: 0
      objectReference: {fileID: 0}
    - target: {fileID: 2283558370948323261, guid: 80aaf0c707df2474f852526b90b32e3c,
        type: 3}
      propertyPath: m_LocalPosition.z
      value: 2.5
      objectReference: {fileID: 0}
    - target: {fileID: 2283558370948323261, guid: 80aaf0c707df2474f852526b90b32e3c,
        type: 3}
      propertyPath: m_LocalRotation.x
      value: -0
      objectReference: {fileID: 0}
    - target: {fileID: 2283558370948323261, guid: 80aaf0c707df2474f852526b90b32e3c,
        type: 3}
      propertyPath: m_LocalRotation.y
      value: 0.7071068
      objectReference: {fileID: 0}
    - target: {fileID: 2283558370948323261, guid: 80aaf0c707df2474f852526b90b32e3c,
        type: 3}
      propertyPath: m_LocalRotation.z
      value: -0
      objectReference: {fileID: 0}
    - target: {fileID: 2283558370948323261, guid: 80aaf0c707df2474f852526b90b32e3c,
        type: 3}
      propertyPath: m_LocalRotation.w
      value: -0.7071068
      objectReference: {fileID: 0}
    - target: {fileID: 2283558370948323261, guid: 80aaf0c707df2474f852526b90b32e3c,
        type: 3}
      propertyPath: m_RootOrder
      value: 6
      objectReference: {fileID: 0}
    - target: {fileID: 2283558370948323261, guid: 80aaf0c707df2474f852526b90b32e3c,
        type: 3}
      propertyPath: m_LocalEulerAnglesHint.x
      value: 0
      objectReference: {fileID: 0}
    - target: {fileID: 2283558370948323261, guid: 80aaf0c707df2474f852526b90b32e3c,
        type: 3}
      propertyPath: m_LocalEulerAnglesHint.y
      value: 90
      objectReference: {fileID: 0}
    - target: {fileID: 2283558370948323261, guid: 80aaf0c707df2474f852526b90b32e3c,
        type: 3}
      propertyPath: m_LocalEulerAnglesHint.z
      value: 0
      objectReference: {fileID: 0}
    m_RemovedComponents: []
  m_SourcePrefab: {fileID: 100100000, guid: 80aaf0c707df2474f852526b90b32e3c, type: 3}
--- !u!4 &1647729710866719803 stripped
Transform:
  m_CorrespondingSourceObject: {fileID: 2283558370948323261, guid: 80aaf0c707df2474f852526b90b32e3c,
    type: 3}
  m_PrefabInstance: {fileID: 679266517345366918}
  m_PrefabAsset: {fileID: 0}
--- !u!1001 &1900107742374164031
PrefabInstance:
  m_ObjectHideFlags: 0
  serializedVersion: 2
  m_Modification:
    m_TransformParent: {fileID: 1077344432216582326}
    m_Modifications:
    - target: {fileID: 4780207481844776277, guid: 6832ca13b7c941646966dc479d9c0cf6,
        type: 3}
      propertyPath: m_Name
      value: Bend (1)
      objectReference: {fileID: 0}
    - target: {fileID: 1836769035368789274, guid: 6832ca13b7c941646966dc479d9c0cf6,
        type: 3}
      propertyPath: m_LocalPosition.x
      value: -0.5
      objectReference: {fileID: 0}
    - target: {fileID: 1836769035368789274, guid: 6832ca13b7c941646966dc479d9c0cf6,
        type: 3}
      propertyPath: m_LocalPosition.y
      value: 0
      objectReference: {fileID: 0}
    - target: {fileID: 1836769035368789274, guid: 6832ca13b7c941646966dc479d9c0cf6,
        type: 3}
      propertyPath: m_LocalPosition.z
      value: 2.5
      objectReference: {fileID: 0}
    - target: {fileID: 1836769035368789274, guid: 6832ca13b7c941646966dc479d9c0cf6,
        type: 3}
      propertyPath: m_LocalRotation.x
      value: -0
      objectReference: {fileID: 0}
    - target: {fileID: 1836769035368789274, guid: 6832ca13b7c941646966dc479d9c0cf6,
        type: 3}
      propertyPath: m_LocalRotation.y
      value: -0.7071068
      objectReference: {fileID: 0}
    - target: {fileID: 1836769035368789274, guid: 6832ca13b7c941646966dc479d9c0cf6,
        type: 3}
      propertyPath: m_LocalRotation.z
      value: -0
      objectReference: {fileID: 0}
    - target: {fileID: 1836769035368789274, guid: 6832ca13b7c941646966dc479d9c0cf6,
        type: 3}
      propertyPath: m_LocalRotation.w
      value: 0.7071068
      objectReference: {fileID: 0}
    - target: {fileID: 1836769035368789274, guid: 6832ca13b7c941646966dc479d9c0cf6,
        type: 3}
      propertyPath: m_RootOrder
      value: 3
      objectReference: {fileID: 0}
    - target: {fileID: 1836769035368789274, guid: 6832ca13b7c941646966dc479d9c0cf6,
        type: 3}
      propertyPath: m_LocalEulerAnglesHint.x
      value: 0
      objectReference: {fileID: 0}
    - target: {fileID: 1836769035368789274, guid: 6832ca13b7c941646966dc479d9c0cf6,
        type: 3}
      propertyPath: m_LocalEulerAnglesHint.y
      value: 180
      objectReference: {fileID: 0}
    - target: {fileID: 1836769035368789274, guid: 6832ca13b7c941646966dc479d9c0cf6,
        type: 3}
      propertyPath: m_LocalEulerAnglesHint.z
      value: 0
      objectReference: {fileID: 0}
    m_RemovedComponents: []
  m_SourcePrefab: {fileID: 100100000, guid: 6832ca13b7c941646966dc479d9c0cf6, type: 3}
--- !u!4 &226035779719758629 stripped
Transform:
  m_CorrespondingSourceObject: {fileID: 1836769035368789274, guid: 6832ca13b7c941646966dc479d9c0cf6,
    type: 3}
  m_PrefabInstance: {fileID: 1900107742374164031}
  m_PrefabAsset: {fileID: 0}
--- !u!1001 &2638676030211753780
PrefabInstance:
  m_ObjectHideFlags: 0
  serializedVersion: 2
  m_Modification:
    m_TransformParent: {fileID: 1077344432216582326}
    m_Modifications:
    - target: {fileID: 4780207481844776277, guid: 6832ca13b7c941646966dc479d9c0cf6,
        type: 3}
      propertyPath: m_Name
      value: Bend (2)
      objectReference: {fileID: 0}
    - target: {fileID: 4780207481844776277, guid: 6832ca13b7c941646966dc479d9c0cf6,
        type: 3}
      propertyPath: m_IsActive
      value: 1
      objectReference: {fileID: 0}
    - target: {fileID: 1836769035368789274, guid: 6832ca13b7c941646966dc479d9c0cf6,
        type: 3}
      propertyPath: m_LocalPosition.x
      value: 0.5
      objectReference: {fileID: 0}
    - target: {fileID: 1836769035368789274, guid: 6832ca13b7c941646966dc479d9c0cf6,
        type: 3}
      propertyPath: m_LocalPosition.y
      value: 0
      objectReference: {fileID: 0}
    - target: {fileID: 1836769035368789274, guid: 6832ca13b7c941646966dc479d9c0cf6,
        type: 3}
      propertyPath: m_LocalPosition.z
      value: 3.5
      objectReference: {fileID: 0}
    - target: {fileID: 1836769035368789274, guid: 6832ca13b7c941646966dc479d9c0cf6,
        type: 3}
      propertyPath: m_LocalRotation.x
      value: -0
      objectReference: {fileID: 0}
    - target: {fileID: 1836769035368789274, guid: 6832ca13b7c941646966dc479d9c0cf6,
        type: 3}
      propertyPath: m_LocalRotation.y
      value: 0.7071068
      objectReference: {fileID: 0}
    - target: {fileID: 1836769035368789274, guid: 6832ca13b7c941646966dc479d9c0cf6,
        type: 3}
      propertyPath: m_LocalRotation.z
      value: -0
      objectReference: {fileID: 0}
    - target: {fileID: 1836769035368789274, guid: 6832ca13b7c941646966dc479d9c0cf6,
        type: 3}
      propertyPath: m_LocalRotation.w
      value: 0.7071068
      objectReference: {fileID: 0}
    - target: {fileID: 1836769035368789274, guid: 6832ca13b7c941646966dc479d9c0cf6,
        type: 3}
      propertyPath: m_RootOrder
      value: 4
      objectReference: {fileID: 0}
    - target: {fileID: 1836769035368789274, guid: 6832ca13b7c941646966dc479d9c0cf6,
        type: 3}
      propertyPath: m_LocalEulerAnglesHint.x
      value: 0
      objectReference: {fileID: 0}
    - target: {fileID: 1836769035368789274, guid: 6832ca13b7c941646966dc479d9c0cf6,
        type: 3}
      propertyPath: m_LocalEulerAnglesHint.y
      value: 90
      objectReference: {fileID: 0}
    - target: {fileID: 1836769035368789274, guid: 6832ca13b7c941646966dc479d9c0cf6,
        type: 3}
      propertyPath: m_LocalEulerAnglesHint.z
      value: 0
      objectReference: {fileID: 0}
    m_RemovedComponents: []
  m_SourcePrefab: {fileID: 100100000, guid: 6832ca13b7c941646966dc479d9c0cf6, type: 3}
--- !u!4 &4459678992186470958 stripped
Transform:
  m_CorrespondingSourceObject: {fileID: 1836769035368789274, guid: 6832ca13b7c941646966dc479d9c0cf6,
    type: 3}
  m_PrefabInstance: {fileID: 2638676030211753780}
  m_PrefabAsset: {fileID: 0}
--- !u!1001 &3426600820156017606
PrefabInstance:
  m_ObjectHideFlags: 0
  serializedVersion: 2
  m_Modification:
    m_TransformParent: {fileID: 1077344432216582326}
    m_Modifications:
    - target: {fileID: 3984714016351121915, guid: 80aaf0c707df2474f852526b90b32e3c,
        type: 3}
      propertyPath: m_Name
      value: Straight (4)
      objectReference: {fileID: 0}
    - target: {fileID: 3984714016351121915, guid: 80aaf0c707df2474f852526b90b32e3c,
        type: 3}
      propertyPath: m_IsActive
      value: 1
      objectReference: {fileID: 0}
    - target: {fileID: 2283558370948323261, guid: 80aaf0c707df2474f852526b90b32e3c,
        type: 3}
      propertyPath: m_LocalPosition.x
      value: 0.5
      objectReference: {fileID: 0}
    - target: {fileID: 2283558370948323261, guid: 80aaf0c707df2474f852526b90b32e3c,
        type: 3}
      propertyPath: m_LocalPosition.y
      value: 0
      objectReference: {fileID: 0}
    - target: {fileID: 2283558370948323261, guid: 80aaf0c707df2474f852526b90b32e3c,
        type: 3}
      propertyPath: m_LocalPosition.z
      value: 1.5
      objectReference: {fileID: 0}
    - target: {fileID: 2283558370948323261, guid: 80aaf0c707df2474f852526b90b32e3c,
        type: 3}
      propertyPath: m_LocalRotation.x
      value: -0
      objectReference: {fileID: 0}
    - target: {fileID: 2283558370948323261, guid: 80aaf0c707df2474f852526b90b32e3c,
        type: 3}
      propertyPath: m_LocalRotation.y
      value: -0
      objectReference: {fileID: 0}
    - target: {fileID: 2283558370948323261, guid: 80aaf0c707df2474f852526b90b32e3c,
        type: 3}
      propertyPath: m_LocalRotation.z
      value: -0
      objectReference: {fileID: 0}
    - target: {fileID: 2283558370948323261, guid: 80aaf0c707df2474f852526b90b32e3c,
        type: 3}
      propertyPath: m_LocalRotation.w
      value: -1
      objectReference: {fileID: 0}
    - target: {fileID: 2283558370948323261, guid: 80aaf0c707df2474f852526b90b32e3c,
        type: 3}
      propertyPath: m_RootOrder
      value: 8
      objectReference: {fileID: 0}
    - target: {fileID: 2283558370948323261, guid: 80aaf0c707df2474f852526b90b32e3c,
        type: 3}
      propertyPath: m_LocalEulerAnglesHint.x
      value: 0
      objectReference: {fileID: 0}
    - target: {fileID: 2283558370948323261, guid: 80aaf0c707df2474f852526b90b32e3c,
        type: 3}
      propertyPath: m_LocalEulerAnglesHint.y
      value: 90
      objectReference: {fileID: 0}
    - target: {fileID: 2283558370948323261, guid: 80aaf0c707df2474f852526b90b32e3c,
        type: 3}
      propertyPath: m_LocalEulerAnglesHint.z
      value: 0
      objectReference: {fileID: 0}
    m_RemovedComponents: []
  m_SourcePrefab: {fileID: 100100000, guid: 80aaf0c707df2474f852526b90b32e3c, type: 3}
--- !u!4 &3476057047853218939 stripped
Transform:
  m_CorrespondingSourceObject: {fileID: 2283558370948323261, guid: 80aaf0c707df2474f852526b90b32e3c,
    type: 3}
  m_PrefabInstance: {fileID: 3426600820156017606}
  m_PrefabAsset: {fileID: 0}
--- !u!1001 &5180095726171990150
PrefabInstance:
  m_ObjectHideFlags: 0
  serializedVersion: 2
  m_Modification:
    m_TransformParent: {fileID: 1077344432216582326}
    m_Modifications:
    - target: {fileID: 4780207481844776277, guid: 6832ca13b7c941646966dc479d9c0cf6,
        type: 3}
      propertyPath: m_Name
      value: Bend (3)
      objectReference: {fileID: 0}
    - target: {fileID: 1836769035368789274, guid: 6832ca13b7c941646966dc479d9c0cf6,
        type: 3}
      propertyPath: m_LocalPosition.x
      value: -0.5
      objectReference: {fileID: 0}
    - target: {fileID: 1836769035368789274, guid: 6832ca13b7c941646966dc479d9c0cf6,
        type: 3}
      propertyPath: m_LocalPosition.y
      value: 0
      objectReference: {fileID: 0}
    - target: {fileID: 1836769035368789274, guid: 6832ca13b7c941646966dc479d9c0cf6,
        type: 3}
      propertyPath: m_LocalPosition.z
      value: 4.571
      objectReference: {fileID: 0}
    - target: {fileID: 1836769035368789274, guid: 6832ca13b7c941646966dc479d9c0cf6,
        type: 3}
      propertyPath: m_LocalRotation.x
      value: -0
      objectReference: {fileID: 0}
    - target: {fileID: 1836769035368789274, guid: 6832ca13b7c941646966dc479d9c0cf6,
        type: 3}
      propertyPath: m_LocalRotation.y
      value: -0.7071068
      objectReference: {fileID: 0}
    - target: {fileID: 1836769035368789274, guid: 6832ca13b7c941646966dc479d9c0cf6,
        type: 3}
      propertyPath: m_LocalRotation.z
      value: -0
      objectReference: {fileID: 0}
    - target: {fileID: 1836769035368789274, guid: 6832ca13b7c941646966dc479d9c0cf6,
        type: 3}
      propertyPath: m_LocalRotation.w
      value: 0.7071068
      objectReference: {fileID: 0}
    - target: {fileID: 1836769035368789274, guid: 6832ca13b7c941646966dc479d9c0cf6,
        type: 3}
      propertyPath: m_RootOrder
      value: 9
      objectReference: {fileID: 0}
    - target: {fileID: 1836769035368789274, guid: 6832ca13b7c941646966dc479d9c0cf6,
        type: 3}
      propertyPath: m_LocalEulerAnglesHint.x
      value: 0
      objectReference: {fileID: 0}
    - target: {fileID: 1836769035368789274, guid: 6832ca13b7c941646966dc479d9c0cf6,
        type: 3}
      propertyPath: m_LocalEulerAnglesHint.y
      value: 180
      objectReference: {fileID: 0}
    - target: {fileID: 1836769035368789274, guid: 6832ca13b7c941646966dc479d9c0cf6,
        type: 3}
      propertyPath: m_LocalEulerAnglesHint.z
      value: 0
      objectReference: {fileID: 0}
    - target: {fileID: 7523605763900466725, guid: 6832ca13b7c941646966dc479d9c0cf6,
        type: 3}
      propertyPath: m_IsActive
      value: 1
      objectReference: {fileID: 0}
    m_RemovedComponents: []
  m_SourcePrefab: {fileID: 100100000, guid: 6832ca13b7c941646966dc479d9c0cf6, type: 3}
--- !u!4 &6818139956676386204 stripped
Transform:
  m_CorrespondingSourceObject: {fileID: 1836769035368789274, guid: 6832ca13b7c941646966dc479d9c0cf6,
    type: 3}
  m_PrefabInstance: {fileID: 5180095726171990150}
  m_PrefabAsset: {fileID: 0}
--- !u!1001 &5215860291522550622
PrefabInstance:
  m_ObjectHideFlags: 0
  serializedVersion: 2
  m_Modification:
    m_TransformParent: {fileID: 1077344432216582326}
    m_Modifications:
    - target: {fileID: 1173895525155750405, guid: 60212968c44b601428eb130b555ecc92,
        type: 3}
      propertyPath: m_Name
      value: CamHolder
      objectReference: {fileID: 0}
    - target: {fileID: 1173895525155750407, guid: 60212968c44b601428eb130b555ecc92,
        type: 3}
      propertyPath: m_LocalPosition.x
      value: 0
      objectReference: {fileID: 0}
    - target: {fileID: 1173895525155750407, guid: 60212968c44b601428eb130b555ecc92,
        type: 3}
      propertyPath: m_LocalPosition.y
      value: 0
      objectReference: {fileID: 0}
    - target: {fileID: 1173895525155750407, guid: 60212968c44b601428eb130b555ecc92,
        type: 3}
      propertyPath: m_LocalPosition.z
      value: 0
      objectReference: {fileID: 0}
    - target: {fileID: 1173895525155750407, guid: 60212968c44b601428eb130b555ecc92,
        type: 3}
      propertyPath: m_LocalRotation.x
      value: -0
      objectReference: {fileID: 0}
    - target: {fileID: 1173895525155750407, guid: 60212968c44b601428eb130b555ecc92,
        type: 3}
      propertyPath: m_LocalRotation.y
      value: -0
      objectReference: {fileID: 0}
    - target: {fileID: 1173895525155750407, guid: 60212968c44b601428eb130b555ecc92,
        type: 3}
      propertyPath: m_LocalRotation.z
      value: 0.0000000074505797
      objectReference: {fileID: 0}
    - target: {fileID: 1173895525155750407, guid: 60212968c44b601428eb130b555ecc92,
        type: 3}
      propertyPath: m_LocalRotation.w
      value: 1
      objectReference: {fileID: 0}
    - target: {fileID: 1173895525155750407, guid: 60212968c44b601428eb130b555ecc92,
        type: 3}
      propertyPath: m_RootOrder
      value: 0
      objectReference: {fileID: 0}
    - target: {fileID: 1173895525155750407, guid: 60212968c44b601428eb130b555ecc92,
        type: 3}
      propertyPath: m_LocalEulerAnglesHint.x
      value: 0
      objectReference: {fileID: 0}
    - target: {fileID: 1173895525155750407, guid: 60212968c44b601428eb130b555ecc92,
        type: 3}
      propertyPath: m_LocalEulerAnglesHint.y
      value: 0
      objectReference: {fileID: 0}
    - target: {fileID: 1173895525155750407, guid: 60212968c44b601428eb130b555ecc92,
        type: 3}
      propertyPath: m_LocalEulerAnglesHint.z
      value: 0
      objectReference: {fileID: 0}
    m_RemovedComponents: []
  m_SourcePrefab: {fileID: 100100000, guid: 60212968c44b601428eb130b555ecc92, type: 3}
--- !u!4 &6352598365595769177 stripped
Transform:
  m_CorrespondingSourceObject: {fileID: 1173895525155750407, guid: 60212968c44b601428eb130b555ecc92,
    type: 3}
  m_PrefabInstance: {fileID: 5215860291522550622}
  m_PrefabAsset: {fileID: 0}
--- !u!1001 &5641810217724557988
PrefabInstance:
  m_ObjectHideFlags: 0
  serializedVersion: 2
  m_Modification:
    m_TransformParent: {fileID: 1077344432216582326}
    m_Modifications:
    - target: {fileID: 4780207481844776277, guid: 6832ca13b7c941646966dc479d9c0cf6,
        type: 3}
      propertyPath: m_Name
      value: Bend (6)
      objectReference: {fileID: 0}
    - target: {fileID: 1836769035368789274, guid: 6832ca13b7c941646966dc479d9c0cf6,
        type: 3}
      propertyPath: m_LocalPosition.x
      value: 1.5
      objectReference: {fileID: 0}
    - target: {fileID: 1836769035368789274, guid: 6832ca13b7c941646966dc479d9c0cf6,
        type: 3}
      propertyPath: m_LocalPosition.y
      value: 0
      objectReference: {fileID: 0}
    - target: {fileID: 1836769035368789274, guid: 6832ca13b7c941646966dc479d9c0cf6,
        type: 3}
      propertyPath: m_LocalPosition.z
      value: 4.571
      objectReference: {fileID: 0}
    - target: {fileID: 1836769035368789274, guid: 6832ca13b7c941646966dc479d9c0cf6,
        type: 3}
      propertyPath: m_LocalRotation.x
      value: -0
      objectReference: {fileID: 0}
    - target: {fileID: 1836769035368789274, guid: 6832ca13b7c941646966dc479d9c0cf6,
        type: 3}
      propertyPath: m_LocalRotation.y
      value: -0.7071068
      objectReference: {fileID: 0}
    - target: {fileID: 1836769035368789274, guid: 6832ca13b7c941646966dc479d9c0cf6,
        type: 3}
      propertyPath: m_LocalRotation.z
      value: -0
      objectReference: {fileID: 0}
    - target: {fileID: 1836769035368789274, guid: 6832ca13b7c941646966dc479d9c0cf6,
        type: 3}
      propertyPath: m_LocalRotation.w
      value: -0.7071068
      objectReference: {fileID: 0}
    - target: {fileID: 1836769035368789274, guid: 6832ca13b7c941646966dc479d9c0cf6,
        type: 3}
      propertyPath: m_RootOrder
      value: 11
      objectReference: {fileID: 0}
    - target: {fileID: 1836769035368789274, guid: 6832ca13b7c941646966dc479d9c0cf6,
        type: 3}
      propertyPath: m_LocalEulerAnglesHint.x
      value: 0
      objectReference: {fileID: 0}
    - target: {fileID: 1836769035368789274, guid: 6832ca13b7c941646966dc479d9c0cf6,
        type: 3}
      propertyPath: m_LocalEulerAnglesHint.y
      value: 0
      objectReference: {fileID: 0}
    - target: {fileID: 1836769035368789274, guid: 6832ca13b7c941646966dc479d9c0cf6,
        type: 3}
      propertyPath: m_LocalEulerAnglesHint.z
      value: 0
      objectReference: {fileID: 0}
    m_RemovedComponents: []
  m_SourcePrefab: {fileID: 100100000, guid: 6832ca13b7c941646966dc479d9c0cf6, type: 3}
--- !u!4 &6284279826408001470 stripped
Transform:
  m_CorrespondingSourceObject: {fileID: 1836769035368789274, guid: 6832ca13b7c941646966dc479d9c0cf6,
    type: 3}
  m_PrefabInstance: {fileID: 5641810217724557988}
  m_PrefabAsset: {fileID: 0}
--- !u!1001 &5776636981623736601
PrefabInstance:
  m_ObjectHideFlags: 0
  serializedVersion: 2
  m_Modification:
    m_TransformParent: {fileID: 1077344432216582326}
    m_Modifications:
    - target: {fileID: 3984714016351121915, guid: 80aaf0c707df2474f852526b90b32e3c,
        type: 3}
      propertyPath: m_Name
      value: Straight (5)
      objectReference: {fileID: 0}
    - target: {fileID: 3984714016351121915, guid: 80aaf0c707df2474f852526b90b32e3c,
        type: 3}
      propertyPath: m_IsActive
      value: 1
      objectReference: {fileID: 0}
    - target: {fileID: 2283558370948323261, guid: 80aaf0c707df2474f852526b90b32e3c,
        type: 3}
      propertyPath: m_LocalPosition.x
      value: 0.5
      objectReference: {fileID: 0}
    - target: {fileID: 2283558370948323261, guid: 80aaf0c707df2474f852526b90b32e3c,
        type: 3}
      propertyPath: m_LocalPosition.y
      value: 0
      objectReference: {fileID: 0}
    - target: {fileID: 2283558370948323261, guid: 80aaf0c707df2474f852526b90b32e3c,
        type: 3}
      propertyPath: m_LocalPosition.z
      value: 4.571
      objectReference: {fileID: 0}
    - target: {fileID: 2283558370948323261, guid: 80aaf0c707df2474f852526b90b32e3c,
        type: 3}
      propertyPath: m_LocalRotation.x
      value: -0
      objectReference: {fileID: 0}
    - target: {fileID: 2283558370948323261, guid: 80aaf0c707df2474f852526b90b32e3c,
        type: 3}
      propertyPath: m_LocalRotation.y
      value: 0.7071068
      objectReference: {fileID: 0}
    - target: {fileID: 2283558370948323261, guid: 80aaf0c707df2474f852526b90b32e3c,
        type: 3}
      propertyPath: m_LocalRotation.z
      value: -0
      objectReference: {fileID: 0}
    - target: {fileID: 2283558370948323261, guid: 80aaf0c707df2474f852526b90b32e3c,
        type: 3}
      propertyPath: m_LocalRotation.w
      value: -0.7071068
      objectReference: {fileID: 0}
    - target: {fileID: 2283558370948323261, guid: 80aaf0c707df2474f852526b90b32e3c,
        type: 3}
      propertyPath: m_RootOrder
      value: 10
      objectReference: {fileID: 0}
    - target: {fileID: 2283558370948323261, guid: 80aaf0c707df2474f852526b90b32e3c,
        type: 3}
      propertyPath: m_LocalEulerAnglesHint.x
      value: 0
      objectReference: {fileID: 0}
    - target: {fileID: 2283558370948323261, guid: 80aaf0c707df2474f852526b90b32e3c,
        type: 3}
      propertyPath: m_LocalEulerAnglesHint.y
      value: 90
      objectReference: {fileID: 0}
    - target: {fileID: 2283558370948323261, guid: 80aaf0c707df2474f852526b90b32e3c,
        type: 3}
      propertyPath: m_LocalEulerAnglesHint.z
      value: 0
      objectReference: {fileID: 0}
    m_RemovedComponents: []
  m_SourcePrefab: {fileID: 100100000, guid: 80aaf0c707df2474f852526b90b32e3c, type: 3}
--- !u!4 &5736012007697538724 stripped
Transform:
  m_CorrespondingSourceObject: {fileID: 2283558370948323261, guid: 80aaf0c707df2474f852526b90b32e3c,
    type: 3}
  m_PrefabInstance: {fileID: 5776636981623736601}
  m_PrefabAsset: {fileID: 0}
--- !u!1001 &6523699700223216432
PrefabInstance:
  m_ObjectHideFlags: 0
  serializedVersion: 2
  m_Modification:
    m_TransformParent: {fileID: 1077344432216582326}
    m_Modifications:
    - target: {fileID: 3984714016351121915, guid: 780d302533caf61478826bfff0f3a551,
        type: 3}
      propertyPath: m_Name
      value: Spwner
      objectReference: {fileID: 0}
    - target: {fileID: 2283558370948323261, guid: 780d302533caf61478826bfff0f3a551,
        type: 3}
      propertyPath: m_LocalPosition.x
      value: 0.5
      objectReference: {fileID: 0}
    - target: {fileID: 2283558370948323261, guid: 780d302533caf61478826bfff0f3a551,
        type: 3}
      propertyPath: m_LocalPosition.y
      value: 0
      objectReference: {fileID: 0}
    - target: {fileID: 2283558370948323261, guid: 780d302533caf61478826bfff0f3a551,
        type: 3}
      propertyPath: m_LocalPosition.z
      value: 0.5
      objectReference: {fileID: 0}
    - target: {fileID: 2283558370948323261, guid: 780d302533caf61478826bfff0f3a551,
        type: 3}
      propertyPath: m_LocalRotation.x
      value: -0
      objectReference: {fileID: 0}
    - target: {fileID: 2283558370948323261, guid: 780d302533caf61478826bfff0f3a551,
        type: 3}
      propertyPath: m_LocalRotation.y
      value: -0
      objectReference: {fileID: 0}
    - target: {fileID: 2283558370948323261, guid: 780d302533caf61478826bfff0f3a551,
        type: 3}
      propertyPath: m_LocalRotation.z
      value: -0
      objectReference: {fileID: 0}
    - target: {fileID: 2283558370948323261, guid: 780d302533caf61478826bfff0f3a551,
        type: 3}
      propertyPath: m_LocalRotation.w
      value: 1
      objectReference: {fileID: 0}
    - target: {fileID: 2283558370948323261, guid: 780d302533caf61478826bfff0f3a551,
        type: 3}
      propertyPath: m_RootOrder
      value: 1
      objectReference: {fileID: 0}
    - target: {fileID: 2283558370948323261, guid: 780d302533caf61478826bfff0f3a551,
        type: 3}
      propertyPath: m_LocalEulerAnglesHint.x
      value: 0
      objectReference: {fileID: 0}
    - target: {fileID: 2283558370948323261, guid: 780d302533caf61478826bfff0f3a551,
        type: 3}
      propertyPath: m_LocalEulerAnglesHint.y
      value: 0
      objectReference: {fileID: 0}
    - target: {fileID: 2283558370948323261, guid: 780d302533caf61478826bfff0f3a551,
        type: 3}
      propertyPath: m_LocalEulerAnglesHint.z
      value: 0
      objectReference: {fileID: 0}
    m_RemovedComponents: []
  m_SourcePrefab: {fileID: 100100000, guid: 780d302533caf61478826bfff0f3a551, type: 3}
--- !u!4 &4987739256116878477 stripped
Transform:
  m_CorrespondingSourceObject: {fileID: 2283558370948323261, guid: 780d302533caf61478826bfff0f3a551,
    type: 3}
  m_PrefabInstance: {fileID: 6523699700223216432}
  m_PrefabAsset: {fileID: 0}
--- !u!1001 &6523699701146327226
PrefabInstance:
  m_ObjectHideFlags: 0
  serializedVersion: 2
  m_Modification:
    m_TransformParent: {fileID: 1077344432216582326}
    m_Modifications:
    - target: {fileID: 3984714016351121915, guid: f97c51b7055abc445a3a6464302e217c,
        type: 3}
      propertyPath: m_Name
      value: Target
      objectReference: {fileID: 0}
    - target: {fileID: 3984714016351121915, guid: f97c51b7055abc445a3a6464302e217c,
        type: 3}
      propertyPath: m_IsActive
      value: 1
      objectReference: {fileID: 0}
    - target: {fileID: 2283558370948323261, guid: f97c51b7055abc445a3a6464302e217c,
        type: 3}
      propertyPath: m_LocalPosition.x
      value: -0.5
      objectReference: {fileID: 0}
    - target: {fileID: 2283558370948323261, guid: f97c51b7055abc445a3a6464302e217c,
        type: 3}
      propertyPath: m_LocalPosition.y
      value: 0
      objectReference: {fileID: 0}
    - target: {fileID: 2283558370948323261, guid: f97c51b7055abc445a3a6464302e217c,
        type: 3}
      propertyPath: m_LocalPosition.z
      value: 1.5
      objectReference: {fileID: 0}
    - target: {fileID: 2283558370948323261, guid: f97c51b7055abc445a3a6464302e217c,
        type: 3}
      propertyPath: m_LocalRotation.x
      value: -0
      objectReference: {fileID: 0}
    - target: {fileID: 2283558370948323261, guid: f97c51b7055abc445a3a6464302e217c,
        type: 3}
      propertyPath: m_LocalRotation.y
      value: -0
      objectReference: {fileID: 0}
    - target: {fileID: 2283558370948323261, guid: f97c51b7055abc445a3a6464302e217c,
        type: 3}
      propertyPath: m_LocalRotation.z
      value: -0
      objectReference: {fileID: 0}
    - target: {fileID: 2283558370948323261, guid: f97c51b7055abc445a3a6464302e217c,
        type: 3}
      propertyPath: m_LocalRotation.w
      value: 1
      objectReference: {fileID: 0}
    - target: {fileID: 2283558370948323261, guid: f97c51b7055abc445a3a6464302e217c,
        type: 3}
      propertyPath: m_RootOrder
      value: 2
      objectReference: {fileID: 0}
    - target: {fileID: 2283558370948323261, guid: f97c51b7055abc445a3a6464302e217c,
        type: 3}
      propertyPath: m_LocalEulerAnglesHint.x
      value: 0
      objectReference: {fileID: 0}
    - target: {fileID: 2283558370948323261, guid: f97c51b7055abc445a3a6464302e217c,
        type: 3}
      propertyPath: m_LocalEulerAnglesHint.y
      value: 90
      objectReference: {fileID: 0}
    - target: {fileID: 2283558370948323261, guid: f97c51b7055abc445a3a6464302e217c,
        type: 3}
      propertyPath: m_LocalEulerAnglesHint.z
      value: 0
      objectReference: {fileID: 0}
    - target: {fileID: 3984714016351121913, guid: f97c51b7055abc445a3a6464302e217c,
        type: 3}
      propertyPath: gateA
      value: 
      objectReference: {fileID: 1856998540583524615}
    - target: {fileID: 3984714016351121913, guid: f97c51b7055abc445a3a6464302e217c,
        type: 3}
      propertyPath: gateB
      value: 
      objectReference: {fileID: 1856998540434975606}
    - target: {fileID: 3984714016351121913, guid: f97c51b7055abc445a3a6464302e217c,
        type: 3}
      propertyPath: directions.Array.data[0]
      value: 
      objectReference: {fileID: 7289786859107548350}
    - target: {fileID: 3984714016351121913, guid: f97c51b7055abc445a3a6464302e217c,
        type: 3}
      propertyPath: directions.Array.data[1]
      value: 
      objectReference: {fileID: 1883674934861715953}
    - target: {fileID: 3984714016351121913, guid: f97c51b7055abc445a3a6464302e217c,
        type: 3}
      propertyPath: rends.Array.data[0]
      value: 
      objectReference: {fileID: 1755350560909144461}
    - target: {fileID: 3984714016351121913, guid: f97c51b7055abc445a3a6464302e217c,
        type: 3}
      propertyPath: rends.Array.data[1]
      value: 
      objectReference: {fileID: 4853417796847720654}
    - target: {fileID: 3984714016351121913, guid: f97c51b7055abc445a3a6464302e217c,
        type: 3}
      propertyPath: rends.Array.data[2]
      value: 
      objectReference: {fileID: 6108332756941721020}
    - target: {fileID: 3984714016351121913, guid: f97c51b7055abc445a3a6464302e217c,
        type: 3}
      propertyPath: rends.Array.data[3]
      value: 
      objectReference: {fileID: 5109029292433228742}
    m_RemovedComponents: []
  m_SourcePrefab: {fileID: 100100000, guid: f97c51b7055abc445a3a6464302e217c, type: 3}
--- !u!4 &4987739255428648711 stripped
Transform:
  m_CorrespondingSourceObject: {fileID: 2283558370948323261, guid: f97c51b7055abc445a3a6464302e217c,
    type: 3}
  m_PrefabInstance: {fileID: 6523699701146327226}
  m_PrefabAsset: {fileID: 0}
--- !u!4 &1856998540583524615 stripped
Transform:
  m_CorrespondingSourceObject: {fileID: 4849730307781312957, guid: f97c51b7055abc445a3a6464302e217c,
    type: 3}
  m_PrefabInstance: {fileID: 6523699701146327226}
  m_PrefabAsset: {fileID: 0}
--- !u!4 &1856998540434975606 stripped
Transform:
  m_CorrespondingSourceObject: {fileID: 4849730307369055180, guid: f97c51b7055abc445a3a6464302e217c,
    type: 3}
  m_PrefabInstance: {fileID: 6523699701146327226}
  m_PrefabAsset: {fileID: 0}
--- !u!23 &1755350560909144461 stripped
MeshRenderer:
  m_CorrespondingSourceObject: {fileID: 4815637009448282423, guid: f97c51b7055abc445a3a6464302e217c,
    type: 3}
  m_PrefabInstance: {fileID: 6523699701146327226}
  m_PrefabAsset: {fileID: 0}
--- !u!23 &5109029292433228742 stripped
MeshRenderer:
  m_CorrespondingSourceObject: {fileID: 2048642238315649916, guid: f97c51b7055abc445a3a6464302e217c,
    type: 3}
  m_PrefabInstance: {fileID: 6523699701146327226}
  m_PrefabAsset: {fileID: 0}
--- !u!23 &6108332756941721020 stripped
MeshRenderer:
  m_CorrespondingSourceObject: {fileID: 1030759264999888134, guid: f97c51b7055abc445a3a6464302e217c,
    type: 3}
  m_PrefabInstance: {fileID: 6523699701146327226}
  m_PrefabAsset: {fileID: 0}
--- !u!23 &4853417796847720654 stripped
MeshRenderer:
  m_CorrespondingSourceObject: {fileID: 1860579926639165556, guid: f97c51b7055abc445a3a6464302e217c,
    type: 3}
  m_PrefabInstance: {fileID: 6523699701146327226}
  m_PrefabAsset: {fileID: 0}
--- !u!4 &1883674934861715953 stripped
Transform:
  m_CorrespondingSourceObject: {fileID: 4660379058702074187, guid: f97c51b7055abc445a3a6464302e217c,
    type: 3}
  m_PrefabInstance: {fileID: 6523699701146327226}
  m_PrefabAsset: {fileID: 0}
--- !u!4 &7289786859107548350 stripped
Transform:
  m_CorrespondingSourceObject: {fileID: 4585316254651016196, guid: f97c51b7055abc445a3a6464302e217c,
    type: 3}
  m_PrefabInstance: {fileID: 6523699701146327226}
  m_PrefabAsset: {fileID: 0}
--- !u!1001 &6940531416212004478
PrefabInstance:
  m_ObjectHideFlags: 0
  serializedVersion: 2
  m_Modification:
    m_TransformParent: {fileID: 1077344432216582326}
    m_Modifications:
    - target: {fileID: 4780207481844776277, guid: 6832ca13b7c941646966dc479d9c0cf6,
        type: 3}
      propertyPath: m_Name
      value: Bend (7)
      objectReference: {fileID: 0}
    - target: {fileID: 1836769035368789274, guid: 6832ca13b7c941646966dc479d9c0cf6,
        type: 3}
      propertyPath: m_LocalPosition.x
      value: 1.5
      objectReference: {fileID: 0}
    - target: {fileID: 1836769035368789274, guid: 6832ca13b7c941646966dc479d9c0cf6,
        type: 3}
      propertyPath: m_LocalPosition.y
      value: 0
      objectReference: {fileID: 0}
    - target: {fileID: 1836769035368789274, guid: 6832ca13b7c941646966dc479d9c0cf6,
        type: 3}
      propertyPath: m_LocalPosition.z
      value: 2.5
      objectReference: {fileID: 0}
    - target: {fileID: 1836769035368789274, guid: 6832ca13b7c941646966dc479d9c0cf6,
        type: 3}
      propertyPath: m_LocalRotation.x
      value: -0
      objectReference: {fileID: 0}
    - target: {fileID: 1836769035368789274, guid: 6832ca13b7c941646966dc479d9c0cf6,
        type: 3}
      propertyPath: m_LocalRotation.y
      value: -1
      objectReference: {fileID: 0}
    - target: {fileID: 1836769035368789274, guid: 6832ca13b7c941646966dc479d9c0cf6,
        type: 3}
      propertyPath: m_LocalRotation.z
      value: -0
      objectReference: {fileID: 0}
    - target: {fileID: 1836769035368789274, guid: 6832ca13b7c941646966dc479d9c0cf6,
        type: 3}
      propertyPath: m_LocalRotation.w
      value: 0
      objectReference: {fileID: 0}
    - target: {fileID: 1836769035368789274, guid: 6832ca13b7c941646966dc479d9c0cf6,
        type: 3}
      propertyPath: m_RootOrder
      value: 7
      objectReference: {fileID: 0}
    - target: {fileID: 1836769035368789274, guid: 6832ca13b7c941646966dc479d9c0cf6,
        type: 3}
      propertyPath: m_LocalEulerAnglesHint.x
      value: 0
      objectReference: {fileID: 0}
    - target: {fileID: 1836769035368789274, guid: 6832ca13b7c941646966dc479d9c0cf6,
        type: 3}
      propertyPath: m_LocalEulerAnglesHint.y
      value: 0
      objectReference: {fileID: 0}
    - target: {fileID: 1836769035368789274, guid: 6832ca13b7c941646966dc479d9c0cf6,
        type: 3}
      propertyPath: m_LocalEulerAnglesHint.z
      value: 0
      objectReference: {fileID: 0}
    m_RemovedComponents: []
  m_SourcePrefab: {fileID: 100100000, guid: 6832ca13b7c941646966dc479d9c0cf6, type: 3}
--- !u!4 &8731418890616613732 stripped
Transform:
  m_CorrespondingSourceObject: {fileID: 1836769035368789274, guid: 6832ca13b7c941646966dc479d9c0cf6,
    type: 3}
  m_PrefabInstance: {fileID: 6940531416212004478}
  m_PrefabAsset: {fileID: 0}
--- !u!1001 &7401637753712974611
PrefabInstance:
  m_ObjectHideFlags: 0
  serializedVersion: 2
  m_Modification:
    m_TransformParent: {fileID: 1077344432216582326}
    m_Modifications:
    - target: {fileID: 4780207481844776277, guid: 6832ca13b7c941646966dc479d9c0cf6,
        type: 3}
      propertyPath: m_Name
      value: Bend (5)
      objectReference: {fileID: 0}
    - target: {fileID: 4780207481844776277, guid: 6832ca13b7c941646966dc479d9c0cf6,
        type: 3}
      propertyPath: m_IsActive
      value: 1
      objectReference: {fileID: 0}
    - target: {fileID: 1836769035368789274, guid: 6832ca13b7c941646966dc479d9c0cf6,
        type: 3}
      propertyPath: m_LocalPosition.x
      value: -0.5
      objectReference: {fileID: 0}
    - target: {fileID: 1836769035368789274, guid: 6832ca13b7c941646966dc479d9c0cf6,
        type: 3}
      propertyPath: m_LocalPosition.y
      value: 0
      objectReference: {fileID: 0}
    - target: {fileID: 1836769035368789274, guid: 6832ca13b7c941646966dc479d9c0cf6,
        type: 3}
      propertyPath: m_LocalPosition.z
      value: 3.5
      objectReference: {fileID: 0}
    - target: {fileID: 1836769035368789274, guid: 6832ca13b7c941646966dc479d9c0cf6,
        type: 3}
      propertyPath: m_LocalRotation.x
      value: -0
      objectReference: {fileID: 0}
    - target: {fileID: 1836769035368789274, guid: 6832ca13b7c941646966dc479d9c0cf6,
        type: 3}
      propertyPath: m_LocalRotation.y
      value: 0.7071068
      objectReference: {fileID: 0}
    - target: {fileID: 1836769035368789274, guid: 6832ca13b7c941646966dc479d9c0cf6,
        type: 3}
      propertyPath: m_LocalRotation.z
      value: -0
      objectReference: {fileID: 0}
    - target: {fileID: 1836769035368789274, guid: 6832ca13b7c941646966dc479d9c0cf6,
        type: 3}
      propertyPath: m_LocalRotation.w
      value: -0.7071068
      objectReference: {fileID: 0}
    - target: {fileID: 1836769035368789274, guid: 6832ca13b7c941646966dc479d9c0cf6,
        type: 3}
      propertyPath: m_RootOrder
      value: 5
      objectReference: {fileID: 0}
    - target: {fileID: 1836769035368789274, guid: 6832ca13b7c941646966dc479d9c0cf6,
        type: 3}
      propertyPath: m_LocalEulerAnglesHint.x
      value: 0
      objectReference: {fileID: 0}
    - target: {fileID: 1836769035368789274, guid: 6832ca13b7c941646966dc479d9c0cf6,
        type: 3}
      propertyPath: m_LocalEulerAnglesHint.y
      value: 0
      objectReference: {fileID: 0}
    - target: {fileID: 1836769035368789274, guid: 6832ca13b7c941646966dc479d9c0cf6,
        type: 3}
      propertyPath: m_LocalEulerAnglesHint.z
      value: 0
      objectReference: {fileID: 0}
    m_RemovedComponents: []
  m_SourcePrefab: {fileID: 100100000, guid: 6832ca13b7c941646966dc479d9c0cf6, type: 3}
--- !u!4 &9208284430751854089 stripped
Transform:
  m_CorrespondingSourceObject: {fileID: 1836769035368789274, guid: 6832ca13b7c941646966dc479d9c0cf6,
    type: 3}
  m_PrefabInstance: {fileID: 7401637753712974611}
  m_PrefabAsset: {fileID: 0}
--- !u!1001 &9154072376951434136
PrefabInstance:
  m_ObjectHideFlags: 0
  serializedVersion: 2
  m_Modification:
    m_TransformParent: {fileID: 1077344432216582326}
    m_Modifications:
    - target: {fileID: 7634446584633460677, guid: 3ba059c3c2d4017489199bfe17424e03,
        type: 3}
      propertyPath: m_Name
      value: InLevelCanvas
      objectReference: {fileID: 0}
    - target: {fileID: 2741742004398939967, guid: 3ba059c3c2d4017489199bfe17424e03,
        type: 3}
      propertyPath: m_LocalPosition.x
      value: 0
      objectReference: {fileID: 0}
    - target: {fileID: 2741742004398939967, guid: 3ba059c3c2d4017489199bfe17424e03,
        type: 3}
      propertyPath: m_LocalPosition.y
      value: 0
      objectReference: {fileID: 0}
    - target: {fileID: 2741742004398939967, guid: 3ba059c3c2d4017489199bfe17424e03,
        type: 3}
      propertyPath: m_LocalPosition.z
      value: 0
      objectReference: {fileID: 0}
    - target: {fileID: 2741742004398939967, guid: 3ba059c3c2d4017489199bfe17424e03,
        type: 3}
      propertyPath: m_LocalRotation.x
      value: 0
      objectReference: {fileID: 0}
    - target: {fileID: 2741742004398939967, guid: 3ba059c3c2d4017489199bfe17424e03,
        type: 3}
      propertyPath: m_LocalRotation.y
      value: 0
      objectReference: {fileID: 0}
    - target: {fileID: 2741742004398939967, guid: 3ba059c3c2d4017489199bfe17424e03,
        type: 3}
      propertyPath: m_LocalRotation.z
      value: 0
      objectReference: {fileID: 0}
    - target: {fileID: 2741742004398939967, guid: 3ba059c3c2d4017489199bfe17424e03,
        type: 3}
      propertyPath: m_LocalRotation.w
      value: 1
      objectReference: {fileID: 0}
    - target: {fileID: 2741742004398939967, guid: 3ba059c3c2d4017489199bfe17424e03,
        type: 3}
      propertyPath: m_RootOrder
      value: 13
      objectReference: {fileID: 0}
    - target: {fileID: 2741742004398939967, guid: 3ba059c3c2d4017489199bfe17424e03,
        type: 3}
      propertyPath: m_LocalEulerAnglesHint.x
      value: 0
      objectReference: {fileID: 0}
    - target: {fileID: 2741742004398939967, guid: 3ba059c3c2d4017489199bfe17424e03,
        type: 3}
      propertyPath: m_LocalEulerAnglesHint.y
      value: 0
      objectReference: {fileID: 0}
    - target: {fileID: 2741742004398939967, guid: 3ba059c3c2d4017489199bfe17424e03,
        type: 3}
      propertyPath: m_LocalEulerAnglesHint.z
      value: 0
      objectReference: {fileID: 0}
    - target: {fileID: 2741742004398939967, guid: 3ba059c3c2d4017489199bfe17424e03,
        type: 3}
      propertyPath: m_AnchoredPosition.x
      value: 0
      objectReference: {fileID: 0}
    - target: {fileID: 2741742004398939967, guid: 3ba059c3c2d4017489199bfe17424e03,
        type: 3}
      propertyPath: m_AnchoredPosition.y
      value: 0
      objectReference: {fileID: 0}
    - target: {fileID: 2741742004398939967, guid: 3ba059c3c2d4017489199bfe17424e03,
        type: 3}
      propertyPath: m_SizeDelta.x
      value: 0
      objectReference: {fileID: 0}
    - target: {fileID: 2741742004398939967, guid: 3ba059c3c2d4017489199bfe17424e03,
        type: 3}
      propertyPath: m_SizeDelta.y
      value: 0
      objectReference: {fileID: 0}
    - target: {fileID: 2741742004398939967, guid: 3ba059c3c2d4017489199bfe17424e03,
        type: 3}
      propertyPath: m_AnchorMin.x
      value: 0
      objectReference: {fileID: 0}
    - target: {fileID: 2741742004398939967, guid: 3ba059c3c2d4017489199bfe17424e03,
        type: 3}
      propertyPath: m_AnchorMin.y
      value: 0
      objectReference: {fileID: 0}
    - target: {fileID: 2741742004398939967, guid: 3ba059c3c2d4017489199bfe17424e03,
        type: 3}
      propertyPath: m_AnchorMax.x
      value: 0
      objectReference: {fileID: 0}
    - target: {fileID: 2741742004398939967, guid: 3ba059c3c2d4017489199bfe17424e03,
        type: 3}
      propertyPath: m_AnchorMax.y
      value: 0
      objectReference: {fileID: 0}
    - target: {fileID: 2741742004398939967, guid: 3ba059c3c2d4017489199bfe17424e03,
        type: 3}
      propertyPath: m_Pivot.x
      value: 0
      objectReference: {fileID: 0}
    - target: {fileID: 2741742004398939967, guid: 3ba059c3c2d4017489199bfe17424e03,
        type: 3}
      propertyPath: m_Pivot.y
      value: 0
      objectReference: {fileID: 0}
    m_RemovedComponents: []
  m_SourcePrefab: {fileID: 100100000, guid: 3ba059c3c2d4017489199bfe17424e03, type: 3}
--- !u!224 &6414625053640537255 stripped
RectTransform:
  m_CorrespondingSourceObject: {fileID: 2741742004398939967, guid: 3ba059c3c2d4017489199bfe17424e03,
    type: 3}
  m_PrefabInstance: {fileID: 9154072376951434136}
  m_PrefabAsset: {fileID: 0}
--- !u!114 &8370260691409820880 stripped
MonoBehaviour:
  m_CorrespondingSourceObject: {fileID: 801904151540938568, guid: 3ba059c3c2d4017489199bfe17424e03,
    type: 3}
  m_PrefabInstance: {fileID: 9154072376951434136}
  m_PrefabAsset: {fileID: 0}
  m_GameObject: {fileID: 0}
  m_Enabled: 1
  m_EditorHideFlags: 0
  m_Script: {fileID: 11500000, guid: aba181189f7608c4ca7a1d0dfc17ec13, type: 3}
  m_Name: 
  m_EditorClassIdentifier: 
